<record><leader>00000cas a22000007a 4500</leader><controlfield tag="001">11576013</controlfield><controlfield tag="008">850114d18711873caudn ne      0    0eng d</controlfield><controlfield tag="009">3768</controlfield><datafield ind1=" " ind2=" " tag="010"><subfield code="a">sn 85025103 </subfield></datafield><datafield ind1=" " ind2=" " tag="040"><subfield code="a">NPX</subfield><subfield code="b">eng</subfield><subfield code="c">NPX</subfield><subfield code="d">DLC</subfield><subfield code="d">MGN</subfield><subfield code="d">CNK</subfield><subfield code="d">OCLCQ</subfield><subfield code="d">CRL</subfield><subfield code="d">CUS</subfield><subfield code="d">OCLCF</subfield></datafield><datafield ind1=" " ind2=" " tag="042"><subfield code="a">msc</subfield></datafield><datafield ind1="0" ind2="0" tag="050"><subfield code="a">Newspaper 7114-X</subfield></datafield><datafield ind1="1" ind2="4" tag="050"><subfield code="a">F869.S22</subfield><subfield code="b">D16</subfield></datafield><datafield ind1="0" ind2="0" tag="245"><subfield code="a">Daily San Diego union.</subfield></datafield><datafield ind1="1" ind2="3" tag="246"><subfield code="a">San Diego daily union</subfield></datafield><datafield ind1="1" ind2="3" tag="246"><subfield code="a">Daily union</subfield></datafield><datafield ind1=" " ind2=" " tag="260"><subfield code="a">San Diego, Cal. :</subfield><subfield code="b">Bushyhead &amp; Gunn</subfield></datafield><datafield ind1=" " ind2=" " tag="300"><subfield code="a">v. :</subfield><subfield code="b">ill. (chiefly advertisements) ;</subfield><subfield code="c">45 cm.</subfield></datafield><datafield ind1=" " ind2=" " tag="310"><subfield code="a">Daily (except Mon.)</subfield></datafield><datafield ind1="0" ind2=" " tag="362"><subfield code="a">Vol. 1, no. 1 (Mar. 20, 1871)-v. 5, no. 728 (July 20, 1873).</subfield></datafield><datafield ind1=" " ind2=" " tag="500"><subfield code="a">"San Diego" appears above masthead ornament.</subfield></datafield><datafield ind1=" " ind2=" " tag="530"><subfield code="a">Also available on microfilm from Bell &amp; Howell, Micro Photo Div.</subfield></datafield><datafield ind1=" " ind2="0" tag="651"><subfield code="a">San Diego (Calif.)</subfield><subfield code="v">Newspapers.</subfield></datafield><datafield ind1=" " ind2="7" tag="655"><subfield code="a">Newspapers.</subfield><subfield code="2">fast</subfield><subfield code="0">(OCoLC)fst01423814</subfield></datafield><datafield ind1=" " ind2="7" tag="651"><subfield code="a">California</subfield><subfield code="z">San Diego.</subfield><subfield code="2">fast</subfield><subfield code="0">(OCoLC)fst01205232</subfield></datafield><datafield ind1=" " ind2=" " tag="752"><subfield code="a">United States</subfield><subfield code="b">California</subfield><subfield code="c">San Diego</subfield><subfield code="d">San Diego.</subfield></datafield><datafield ind1="0" ind2=" " tag="775"><subfield code="t">San Diego union (San Diego, Calif. : Weekly)</subfield><subfield code="w">(DLC)sn 82015480</subfield><subfield code="w">(OCoLC)8818146</subfield></datafield><datafield ind1="0" ind2="0" tag="785"><subfield code="t">San Diego union (San Diego, Calif. : Daily)</subfield><subfield code="w">(DLC)sn 82014671</subfield><subfield code="w">(OCoLC)4405587</subfield></datafield></record>